@article{,
    author = {},
    journal = {},
    title = {},
    year = {}
    }
    
@book{,
    author = {},
    publisher = {},
    title = {},
    year = {}
    }  

%% SOTA books
@book{Fletcher1998,
    author = {Fletcher, N.H. and Rossing, T.D.},
    edition = {Second},
    publisher = {Springer},
    title = {The physics of musical instruments},
    
    year = {1998}
    } 
    
@article{Smith2010a,
    author = {Smith, J. O.},
    journal = {Center for computer research in music and acoustics (CCRMA)},
    title = {Virtual acoustic musical instruments: Review and update},
    year = {2010}
    }
    
@book{Smith2010b,
    author = {Smith, J. O.},
    publisher = {W3K Publishing},
    title = {Physical audio signal processing: For virtual musical instruments and digital audio effects},
    year = {2010}
    }  
    
@article{Valimaki2006,
    author = {V\"{a}lim\"{a}ki, V. and Pakarinen, J. and Erkut, C. and Karjalainen, M.},
    journal = {Institute of Physics Publishing},
    title = {Discrete-time modelling of musical instruments},
    year = {2006}
    }
      
@book{Bilbao2009,
    author = {Bilbao, S.},
    publisher = {John Wiley \& Sons},
    title = {Numerical sound synthesis: Finite difference schemes and simulation in musical acoustics},
    year = {2009}
    }    
    
@incollection{Bilbao2018,
    author = {Bilbao, S. and Hamilton, B. and Harrison, R. and Torin, A.},
    booktitle = {Springer Handbook of Systematic Musicology},
    title = {Chapter 19: Finite-difference schemes in musical acoustics: A tutorial},
    pages = {349--384},
    publisher = {Springer},
    year = {2018}
    } 
   
%% Physical modelling techniques history
@mastersthesis{Ruiz1969,
 author = {Ruiz, P.},
 school = {University of Illinois},
 title = {A Technique for Simulating the Vibrations of Strings with a Digital Computer},
 year  = {1969},
}
 
@article{Hiller1971I,
  title={Synthesizing musical sounds by solving the wave equation for vibrating objects: {P}art {I}},
  author={Hiller, L. and Ruiz, P.},
  journal={Journal of the Audio Engineering Society (JASA)},
  volume={19},
  number={6},
  pages={462--470},
  year={1971},
  publisher={Audio Engineering Society}
}

@article{Hiller1971II,
 author               = {Hiller, L. and Ruiz, P.},
 journal              = {Journal of the Audio Engineering Society (JASA)},
 number               = {7},
 pages                = {542--550},
 title                = {Synthesizing Musical Sounds by Solving the Wave Equation for Vibrating Objects: {P}art {II}},
 volume               = {19},
 year                 = {1971}
 }
 
 @article{Chaigne1992,
 author               = {A. Chaigne},
 journal              = {Journal d'Acoustique},
 number               = {2},
 pages                = {181--211},
 title                = {On the Use of Finite Differences for Musical Synthesis. {A}pplication to Plucked Stringed Instruments},
 volume               = {5},
 year                 = {1992}
 }
 
 @article{Chaigne1994,
 author               = {A. Chaigne and A. Askenfelt},
 journal              = {Journal of Acoustical Society of America},
 number               = {2},
 pages                = {1112--1118},
 title                = {Numerical Simulations of Struck Strings. {I}. {A} Physical Model for a Struck String Using Finite Difference Methods},
 volume               = {95},
 year                 = {1994}
 }

@misc{Cadoz1979,
 author               = {Cadoz, C.},
 note                 = {Th{\`e}se de Docteur Ing{\'e}nieur, I.N.P.G. Grenoble, France},
 title                = {Synth{\`e}se sonore par simulation de m{\'e}canismes vibratoires},
 year                 = {1979},
 }

@article{Cadoz1983,
 author               = {Cadoz, C. and Luciani, A. and Florens, J.-L.},
 journal              = {Computer Music Journal},
 number               = {3},
 pages                = {60--73},
 title                = {Responsive Input Devices and Sound Synthesis by Simulation of Instrumental Mechanisms},
 volume               = {8},
 year                 = {1983},
 }
 

@article{Morrison1993,
  title={Mosaic: A framework for modal synthesis},
  author={Morrison, J.D. and Adrien, J.-M.},
  journal={Computer Music Journal},
  volume={17},
  number={1},
  pages={45--56},
  year={1993}
}

@article{Hiller1971,
  title={Synthesizing musical sounds by solving the wave equation for vibrating objects: Part 1},
  author={Hiller, L. and Ruiz, P.},
  journal={Journal of the Audio Engineering Society (JASA)},
  volume={19},
  number={6},
  pages={462--470},
  year={1971},
  publisher={Audio Engineering Society}
}

@article{Cadoz1993,
  title={{CORDIS-ANIMA}: a Modeling and simulation system for sound and image synthesis: the general formalism},
  author={Cadoz, C. and Luciani, A. and Florens, J.-L.},
  journal={Computer Music Journal},
  volume={17},
  number={1},
  pages={19--29},
  year={1993},
  publisher={JSTOR}
}

@article{Smith1992,
  title={Physical modeling using digital waveguides},
  author={Smith, J.O.},
  journal={Computer Music Journal},
  volume={16},
  number={4},
  pages={74--91},
  year={1992}
}

%% Bilbao et al. 
@article{Webb2015,
    author = {Webb, C.J. and Bilbao, S.},
    journal = {Proceedings of the 18th International Conference on Digital Audio Effects (DAFx)},
    title = {On the limits of real-time physical modelling synthesis with a modular environment},
    year = {2015}
    }
    
%% van Walstijn
@article{Mehes2016,
    author = {Mehes, S. and van Walstijn, M. and Stapleton, P.},
    journal = {Proceedings of the 13th Sound and Music Computing Conference (SMC)},
    title = {Towards a virtual-acoustic string instrument},
    year = {2016}
    }
    
@article{Mehes2017,
    author = {Mehes, S. and van Walstijn, M. and Stapleton, P.},
    journal = {{Proceedings of the International Conference on New Interfaces for Musical Expression (NIME)}},
    title = {Virtual-acoustic instrument design: exploring the parameter space of a string-plate model},
    year = {2017}
}

@article{Walstijn2017,
    author = {van Walstijn, M. and Mehes, S.},
    journal = {{Proceedings of the 20th International Conference on Digital Audio Effects (DAFx)}},
    title = {An explorative string-bridge-plate model with tunable parameters},
    year = {2017}
}

%% FPGA (Pfeifle + Bader)
@article{Pfeifle2012,
    author = {Pfeifle, F. and Bader, R.},
    journal = {Proceedings of the 15th International Conference on Digital Audio Effects (DAFx)},
    title = {{Real-time finite difference physical models of musical instruments on a field programmable gate array (FPGA)}},
    year = {2012}
    } 
    
@article{Pfeifle2015,
    author = {Pfeifle, F. and Bader, R.},
    journal = {Journal of the Audio Engineering Society (JASA)},
    title = {Real-time finite-difference method physical modeling of musical instruments using field-programmable gate array hardware},
    volume = {63},
    number = {12},
    pages = {1001--1016},
    year = {2015}
    } 

@article{Pfeifle2017,
    author = {Pfeifle, F.},
    journal = {Proceedings of the 20th International Conference on Digital Audio Effects (DAFx)},
    title = {Real-time physical model of a Wurlitzer and a Rhodes electric piano},
    year = {2017}
    }
    
%% Miscellaneous articles
@article{Erkut2002,
    author = {Erkut, C. and Karjalainen, M.},
    journal = {International Symposium on Musical Acoustics},
    title = {Finite difference method vs. digital waveguide method in string instrument modeling and synthesis},
    year = {2002}
    } 
    
@article{Maestre2014,
    author = {Maestre, E. and Spa, C. and Smith, J.O.},
    journal = {Proceedings ICMC|SMC|2014},
    title = {A bowed string physical model including finite-width thermal friction and hair dynamics},
    pages = {1305--1311},
    year = {2014}
    }
     
@article{Willemsen2019a,
    author = {Willemsen, S. and Andersson, N. and Serafin, S. and Bilbao, S.},
    journal = {Proceedings of the 16th Sound and Music Computing Conference (SMC)},
    title = {Real-Time Control of Large-Scale Modular Physical Models using the Sensel Morph},
    pages = {151--158},
    year = {2019}
    }
    
@article{Willemsen2019b,
    author = {Willemsen, S. and Bilbao, S. and Serafin, S.},
    journal = {Proceedings of the 22nd International Conference on Digital Audio Effects (DAFx)},
    title = {Real-time implementation of an elasto-plastic friction model applied to stiff strings using finite difference schemes},
    year = {2019}
    }
    
@article{Borin1989,
    author = {Borin, G. and De Poli, G. and Sarti, A.},
    journal = {Proceedings of the International Computer Music Conference},
    title = {A modular approach to excitator-resonator interaction in physical models syntheses},
    year = {1989}
    }
    
@article{Michon2016,
    author = {Michon, R. and Smith, J.O. and Wright, M. and Chafe, C.},
    journal = {{Proceedings of the International Conference on New Interfaces for Musical Expression (NIME)}},
    title = {{Augmenting the iPad: the BladeAxe}},
    year = {2016}
    }

@article{Rector2014,
    author = {Rector, D. and Topel, S.},
    journal = {{Proceedings of the International Conference on New Interfaces for Musical Expression (NIME)}},
    title = {An electromagnetically actuated drum},
    year = {2014}
    }

@article{Piepenbrink2015,
    author = {Piepenbrink, A. and Wright, M.},
    title = {The bistable resonator cymbal: an actuated acoustic instrument displaying physical audio effects},
    journal = {{Proceedings of the International Conference on New Interfaces for Musical Expression (NIME)}},
    year = {2015}
    }
    
@article{Gelineck2005,
    author = {Gelineck, S. and B\"ottcher, N. and Martinussen, L. and Serafin, S.},
    journal = {{2nd International Conference on Enactive Interfaces (ENACTIVE05)}},
    title = {Virtual reality instruments capable of changing dimensions in real-time},
    year = {2005}
    }
    
@article{Willemsen2017,
    author = {Willemsen, S. and Serafin, S. and Jensen, J.R.},
    journal = {{Proceedings of the 14th Sound and Music Computing Conference (SMC)}},
    title = {Virtual analog simulation and extensions of plate reverberation},
    pages = {314--319},
    year = {2017}
    }
    
@article{Michon2017,
    author = {Michon, R. and Smith, J.O. and Wright, M. and Chafe, C. and Granzow, J. and Wang, G.},
    journal = {{Applied Sciences}},
    title = {Mobile music, sensors, physical modeling, and digital fabrication: articulating the augmented mobile instrument},
    year = {2017}
    }
    
@article{Moffat2018,
    author = {Moffat, D. and Reiss, J.D.},
    journal = {{ACM Transactions on Applied Perception}},
    volume = {15},
    number = {2},
    title = {Perceptual evaluation of synthesized sound effects},
    year = {2018}
    }
    
@article{Villeneuve2019,
    author = {Villeneuve, J. and Leonard, J.},
    journal = {{Proceedings of the 16th Sound and Music Computing Conference (SMC)}},
    title = {Mass-interaction physical models for sound and multi-sensory creation: starting anew},
    year = {2019}
    }
    
@article{Leonard2019,
    author = {Leonard, J. and Villeneuve, J.},
    journal = {{Proceedings of the 16th Sound and Music Computing Conference (SMC)}},
    title = {{MI-GEN}\~: An efficient and accessible mass interaction sound synthesis toolbox},
    year = {2019}
    }
    
@book{Meyers2005,
    author = {Meyers, S.},
    publisher = {Addison-Wesley},
    edition = {third},
    title = {Effective C++},
    year = {2005}
    }  

%% Websites
@unpublished{Bybee2019,
	Author = {Bybee, J.},
	Title = {{COSM REVISITED}}, 
	note = {Available at \href{https://www.boss.info/us/community/boss_users_group/1319/}{https://www.boss.info/us/community/\allowbreak boss\_users\_group/1319/}},
	Year = {Accessed July 01, 2019}
	} 
	
@unpublished{NESS2016,
	Author = {The University of Edinburgh},
	Title = {{NESS -- Next Generation Sound Synthesis}}, 
	note = {Available at \href{http://www.ness.music.ed.ac.uk/}{http://www.ness.music.ed.ac.uk/}},
	Year = {Accessed July 01, 2019}
	}  

@unpublished{Sensel2019,
	Author = {Sensel Inc.},
	Title = {{Sensel Morph}}, 
	note = {Available at \href{https://sensel.com/}{https://sensel.com/}},
	Year = {Accessed April 01, 2019}
	}
	
@unpublished{Haply2019,
	Author = {Haply Robotics},
	Title = {{Haply Robotics}}, 
	note = {Available at \href{https://haply.co/robotics.html}{https://haply.co/robotics.html}},
	Year = {Accessed April 01, 2019}
    }
    
@unpublished{littleBits2019,
	Author = {{littleBits Electronics Inc.}},
	Title = {{SynthKit -- littleBits}}, 
	note = {Available at \href{https://shop.littlebits.com/products/synth-kit}{https://shop.littlebits.com/\allowbreak products/synth-kit}},
	Year = {Accessed July 01, 2019}
    }
    
@unpublished{MuX2019,
	Author = {Decochon},
	Title = {{MuX--Build Sound}}, 
	note = {Available at \href{https://www.playmux.com/}{https://www.playmux.com/}},
	Year = {Accessed July 01, 2019}
    }    
    
@unpublished{bela2019,
	Author = {Bela},
	Title = {{Bela: The platform for beautiful interaction}}, 
	note = {Available at \href{https://bela.io/}{https://bela.io/}},
	Year = {Accessed July 01, 2019}
    }    
    
@unpublished{tactile2019,
    author = {{Tactile Labs}},
    title = {{Haptuator Original}},
    note = {Available at \href{http://tactilelabs.com/products/haptics/haptuator/}{http://tactilelabs.com/products/\allowbreak haptics/haptuator/}},
    	Year = {Accessed July 08, 2019}
    }

@unpublished{JUCE,
	Author = {{JUCE ROLI}},
	Title = {{JUCE}}, 
	note = {Available at \href{https://juce.com/}{https://juce\allowbreak .com/\allowbreak}},
	Year = {accessed April 04, 2019}}
